Community/////////////////
@article{xie2013overlapping,
  title={Overlapping community detection in networks: The state-of-the-art and comparative study},
  author={Xie, Jierui and Kelley, Stephen and Szymanski, Boleslaw K},
  journal={Acm computing surveys (csur)},
  volume={45},
  number={4},
  pages={43},
  year={2013},
  publisher={ACM}
}


CPM////////////////////////
@article{palla2005uncovering,
  title={Uncovering the overlapping community structure of complex networks in nature and society},
  author={Palla, Gergely and Der{\'e}nyi, Imre and Farkas, Ill{\'e}s and Vicsek, Tam{\'a}s},
  journal={Nature},
  volume={435},
  number={7043},
  pages={814--818},
  year={2005},
  publisher={Nature Publishing Group}
}

@article{kumpula2008sequential,
  title={Sequential algorithm for fast clique percolation},
  author={Kumpula, Jussi M and Kivel{\"a}, Mikko and Kaski, Kimmo and Saram{\"a}ki, Jari},
  journal={Physical Review E},
  volume={78},
  number={2},
  pages={026109},
  year={2008},
  publisher={APS}
}

@inproceedings{reid2012percolation,
  title={Percolation computation in complex networks},
  author={Reid, Fergal and McDaid, Aaron and Hurley, Neil},
  booktitle={Advances in Social Networks Analysis and Mining (ASONAM), 2012 IEEE/ACM International Conference on},
  pages={274--281},
  year={2012},
  organization={IEEE}
}


@article{gregori2013parallel,
  title={Parallel k-clique community detection on large-scale networks},
  author={Gregori, Enrico and Lenzini, Luciano and Mainardi, Simone},
  journal={IEEE Transactions on Parallel and Distributed Systems},
  volume={24},
  number={8},
  pages={1651--1660},
  year={2013},
  publisher={IEEE}
}

Listing Maximal cliques//////////

@article{bron1973algorithm,
  title={Algorithm 457: finding all cliques of an undirected graph},
  author={Bron, Coen and Kerbosch, Joep},
  journal={Communications of the ACM},
  volume={16},
  number={9},
  pages={575--577},
  year={1973},
  publisher={ACM}
}

@article{eppstein2011listing,
  title={Listing all maximal cliques in large sparse real-world graphs},
  author={Eppstein, David and Strash, Darren},
  journal={Experimental Algorithms},
  pages={364--375},
  year={2011},
  publisher={Springer}
}

@inproceedings{eppstein2010listing,
  title={Listing all maximal cliques in sparse graphs in near-optimal time},
  author={Eppstein, David and L{\"o}ffler, Maarten and Strash, Darren},
  booktitle={International Symposium on Algorithms and Computation},
  pages={403--414},
  year={2010},
  organization={Springer}
}

lising k-cliques\\\\\\\\\\\\\\\\\\\\\\\\\\\\\\\
@article{chiba1985arboricity,
  title={Arboricity and subgraph listing algorithms},
  author={Chiba, Norishige and Nishizeki, Takao},
  journal={SIAM Journal on Computing},
  volume={14},
  number={1},
  pages={210--223},
  year={1985},
  publisher={SIAM}
}

DATASET\\\\\\\\\\\\\\\\\\\\\\\\\\\\\\\\\\
@misc{snapnets,
  author       = {Jure Leskovec and Andrej Krevl},
  title        = {{SNAP Datasets}: {Stanford} Large Network Dataset Collection},
  howpublished = {\url{http://snap.stanford.edu/data}},
  month        = jun,
  year         = 2014
}
